@online{1,
author = {Wilipedia},
title = {Physical_Address_Extension},
date = {16 September 2014},
url = {http://en.wikipedia.org/wiki/Physical_Address_Extension},
}
